@Comment А вот так оформляется библиография при помощи BibTeX.

@inproceedings{leven1965,
  title={Двоичные коды с исправлением выпадений, вставок и замещений символов},
  author={Левенштейн, Владимир Иосифович},
  booktitle={Доклады Академии наук},
  volume={163},
  number={4},
  pages={845--848},
  year={1965},
  organization={Российская академия наук}
}

@misc{intel,
  title="Процессор Intel® Core™ i5-8250U",
  howpublished="Режим доступа: https://ark.intel.com/content/www/ru/ru/ark/products/124967/
  intel-core-i5-8250u-processor-6m-cache-up-to-3-40-ghz.html (дата обращения: 11.10.2021)."
} 

@misc{elemos,
  title="Операциионная система elementary os",
  howpublished="Режим доступа: https://elementary.io/ (дата обращения: 11.10.2021)."
} 

@misc{gtests,
  title="Фреймворк Google tests",
  howpublished="Режим доступа: https://google.github.io/googletest/ (дата обращения: 11.10.2021)."
} 

@misc{cstd,
	title="Стандарт С [Электронный ресурс]",
	howpublished="Режим доступа: \url{http://www.open-std.org/jtc1/sc22/wg14/www/docs/n1256.pdf} (дата обращения: 15.09.2021)"
}